<record><leader>01634cam a2200409 i 4500</leader><controlfield tag="001">6803076</controlfield><controlfield tag="003">OCoLC</controlfield><controlfield tag="005">20150126101553.0</controlfield><controlfield tag="008">140626s2015    nyua   b      000 1 eng  </controlfield><datafield ind1=" " ind2=" " tag="010"><subfield code="a">  2014022227</subfield></datafield><datafield ind1=" " ind2=" " tag="020"><subfield code="a">9780062367242 (hardback)</subfield></datafield><datafield ind1=" " ind2=" " tag="020"><subfield code="a">0062367242 (hardback)</subfield></datafield><datafield ind1=" " ind2=" " tag="035"><subfield code="a">ocn911098899</subfield></datafield><datafield ind1=" " ind2=" " tag="040"><subfield code="a">DLC</subfield><subfield code="e">rda</subfield><subfield code="b">eng</subfield><subfield code="c">DLC</subfield><subfield code="d">IG#</subfield><subfield code="d">BDX</subfield><subfield code="d">NYP</subfield><subfield code="d">OJ4</subfield><subfield code="d">UAB</subfield><subfield code="d">AEU</subfield></datafield><datafield ind1="0" ind2="0" tag="050"><subfield code="a">PZ8.3.B472</subfield><subfield code="b">Blo 2015</subfield></datafield><datafield ind1="0" ind2="0" tag="082"><subfield code="a">[E]</subfield><subfield code="2">23</subfield></datafield><datafield ind1=" " ind2=" " tag="084"><subfield code="a">JUV002170</subfield><subfield code="a">JUV032050</subfield><subfield code="a">JUV030120</subfield><subfield code="2">bisacsh</subfield></datafield><datafield ind1=" " ind2=" " tag="090"><subfield code="a">PZ 8.3 B472 Blo 2015</subfield><subfield code="b">AEU</subfield></datafield><datafield ind1="1" ind2=" " tag="100"><subfield code="a">Biddulph, Rob,</subfield><subfield code="e">author,</subfield><subfield code="e">illustrator.</subfield></datafield><datafield ind1="1" ind2="0" tag="245"><subfield code="a">Blown away /</subfield><subfield code="c">written and illustrated by Rob Biddulph.</subfield></datafield><datafield ind1=" " ind2=" " tag="250"><subfield code="a">First U.S. edition</subfield></datafield><datafield ind1=" " ind2="1" tag="264"><subfield code="a">New York, NY :</subfield><subfield code="b">Harper, an imprint of HarperCollinsPublishers,</subfield><subfield code="c">2015.</subfield></datafield><datafield ind1=" " ind2=" " tag="300"><subfield code="a">1 volume (unpaged) :</subfield><subfield code="b">color illustrations ;</subfield><subfield code="c">29 cm</subfield></datafield><datafield ind1=" " ind2=" " tag="336"><subfield code="a">text</subfield><subfield code="2">rdacontent</subfield></datafield><datafield ind1=" " ind2=" " tag="336"><subfield code="a">still image</subfield><subfield code="2">rdacontent</subfield></datafield><datafield ind1=" " ind2=" " tag="337"><subfield code="a">unmediated</subfield><subfield code="2">rdamedia</subfield></datafield><datafield ind1=" " ind2=" " tag="338"><subfield code="a">volume</subfield><subfield code="2">rdacarrier</subfield></datafield><datafield ind1=" " ind2=" " tag="520"><subfield code="a">An unexpected adventure with his friends and a kite convinces Penguin Blue that he is not built for flying, and that he belongs on solid ice.</subfield></datafield><datafield ind1=" " ind2=" " tag="596"><subfield code="a">41</subfield></datafield><datafield ind1=" " ind2="0" tag="650"><subfield code="a">Voyages and travels</subfield><subfield code="v">Juvenile fiction.</subfield></datafield><datafield ind1=" " ind2="0" tag="650"><subfield code="a">Home</subfield><subfield code="v">Juvenile fiction.</subfield></datafield><datafield ind1=" " ind2="0" tag="650"><subfield code="a">Flight</subfield><subfield code="v">Juvenile fiction.</subfield></datafield><datafield ind1=" " ind2="0" tag="650"><subfield code="a">Animals</subfield><subfield code="z">Arctic regions</subfield><subfield code="v">Juvenile fiction.</subfield></datafield><datafield ind1=" " ind2="0" tag="651"><subfield code="a">Tropics</subfield><subfield code="v">Juvenile fiction.</subfield></datafield><datafield ind1=" " ind2="0" tag="651"><subfield code="a">Arctic regions</subfield><subfield code="v">Juvenile fiction.</subfield></datafield><datafield ind1=" " ind2=" " tag="949"><subfield code="a">PZ 8.3 B472 Blo 2015</subfield><subfield code="c">1</subfield><subfield code="h">UAED-CU-B</subfield><subfield code="i">0162035236866</subfield></datafield><datafield ind1=" " ind2=" " tag="926"><subfield code="a">PZ 8.3 B472 Blo 2015</subfield><subfield code="w">LC</subfield><subfield code="c">1</subfield><subfield code="i">0162035236866</subfield><subfield code="d">8/19/2015</subfield><subfield code="e">7/16/2015</subfield><subfield code="l">CURRICULUM</subfield><subfield code="m">UAEDUC</subfield><subfield code="n">1</subfield><subfield code="p">$150.00</subfield><subfield code="r">Y</subfield><subfield code="s">Y</subfield><subfield code="t">BOOK</subfield><subfield code="u">2/11/2015</subfield></datafield></record>